<?xml version="1.0" encoding="UTF-8"?><collection xmlns="http://www.loc.gov/MARC21/slim"><record><leader>00574nam--2200181-i-4500</leader><controlfield tag="001">000003364</controlfield><controlfield tag="002">20161230</controlfield><controlfield tag="005">20161230201025</controlfield><controlfield tag="008">060222s1000------------r-----000-0-eng-d</controlfield><datafield ind1=" " ind2=" " tag="040"><subfield code="a">IFIN-HH</subfield></datafield><datafield ind1=" " ind2=" " tag="080"><subfield code="a">53</subfield></datafield><datafield ind1="1" ind2=" " tag="100"><subfield code="a">Faivre-dupaigre,J</subfield></datafield><datafield ind1=" " ind2=" " tag="245"><subfield code="a">Cours de physique pour les classes de mathema tique speciales. programme de 1925.electricite dixieme edition</subfield><subfield code="c">J. faivre-dupaigre, j. lamirand, l. brizard</subfield></datafield><datafield ind1=" " ind2=" " tag="260"><subfield code="a">Paris</subfield><subfield code="b">Masson Et C-ie Editeurs</subfield><subfield code="c">1932</subfield></datafield><datafield ind1=" " ind2=" " tag="300"><subfield code="a">404 P. + 36 P.DIF</subfield></datafield><datafield ind1="1" ind2=" " tag="700"><subfield code="a">Brizard, L</subfield></datafield><datafield ind1=" " ind2=" " tag="852"><subfield code="a">17143</subfield><subfield code="c">53</subfield></datafield><datafield ind1=" " ind2=" " tag="CAT"><subfield code="a">Sys</subfield><subfield code="c">20150217</subfield><subfield code="h">182909</subfield></datafield></record></collection>